@article{nakamoto2008bitcoin,
  title={Bitcoin: A Peer-to-Peer Electronic Cash System},
  author={Nakamoto, Satoshi},
  year={2008},
  url={https://bitcoin.org/bitcoin.pdf}
}

@article{ng2001spectral,
  title={On Spectral Clustering: Analysis and an Algorithm},
  author={Ng, Andrew Y. and Jordan, Michael I. and Weiss, Yair},
  journal={Advances in Neural Information Processing Systems},
  volume={14},
  year={2001}
}

@article{vonluxburg2007tutorial,
  title={A Tutorial on Spectral Clustering},
  author={von Luxburg, Ulrike},
  journal={Statistics and Computing},
  volume={17},
  number={4},
  pages={395--416},
  year={2007}
}

@article{stoica2001chord,
  title={Chord: A Scalable Peer-to-Peer Lookup Service for Internet Applications},
  author={Stoica, Ion and Morris, Robert and Karger, David and Kaashoek, M. Frans and Balakrishnan, Hari},
  journal={ACM SIGCOMM Computer Communication Review},
  volume={31},
  number={4},
  pages={149--160},
  year={2001}
}

@article{wang2019sharding,
  title={Sharding the Blockchain: A Survey},
  author={Wang, Jing and Wang, Hao and Zhang, Wenbo},
  journal={arXiv preprint arXiv:1904.08867},
  year={2019}
}

@misc{buterin2014ethereum,
  title={Ethereum: A Next-Generation Smart Contract and Decentralized Application Platform},
  author={Buterin, Vitalik},
  year={2014},
  url={https://ethereum.org/en/whitepaper/}
}